<record><leader>00000cas a2200000 a 4500</leader><controlfield tag="001">1770822</controlfield><controlfield tag="008">751101d19691982wiumr ne      0    0eng c</controlfield><datafield ind1=" " ind2=" " tag="010"><subfield code="a">sn 91014175 </subfield></datafield><datafield ind1=" " ind2=" " tag="040"><subfield code="a">MUL</subfield><subfield code="b">eng</subfield><subfield code="c">MUL</subfield><subfield code="d">UCU</subfield><subfield code="d">IXA</subfield><subfield code="d">DLC</subfield><subfield code="d">NST</subfield><subfield code="d">IUL</subfield><subfield code="d">CNW</subfield><subfield code="d">OCL</subfield><subfield code="d">OCLCQ</subfield><subfield code="d">OCLCF</subfield><subfield code="d">OCLCO</subfield><subfield code="d">IUL</subfield></datafield><datafield ind1="0" ind2=" " tag="041"><subfield code="a">eng</subfield><subfield code="a">spa</subfield></datafield><datafield ind1=" " ind2=" " tag="042"><subfield code="a">pcc</subfield></datafield><datafield ind1=" " ind2=" " tag="043"><subfield code="a">n-us-wi</subfield></datafield><datafield ind1=" " ind2="4" tag="050"><subfield code="a">E184.M5</subfield><subfield code="b">G83</subfield></datafield><datafield ind1="0" ind2="3" tag="245"><subfield code="a">La Guardia.</subfield></datafield><datafield ind1=" " ind2=" " tag="260"><subfield code="a">Milwaukee, Wis. :</subfield><subfield code="b">La Guardia Ltd.</subfield></datafield><datafield ind1=" " ind2=" " tag="300"><subfield code="a">v. :</subfield><subfield code="b">ill. ;</subfield><subfield code="c">44 cm.</subfield></datafield><datafield ind1=" " ind2=" " tag="310"><subfield code="a">Monthly,</subfield><subfield code="b">Nov. 1976-Dec. 1982</subfield></datafield><datafield ind1=" " ind2=" " tag="321"><subfield code="a">Bimonthly,</subfield><subfield code="b">Oct. 1969-Sept./Oct. 1976</subfield></datafield><datafield ind1="0" ind2=" " tag="362"><subfield code="a">[Vol. 1, no. 1 (agosto 1969)-v. 10, no. 3 (marzo 1980); [abril 1980]-Dec. 1982].</subfield></datafield><datafield ind1=" " ind2=" " tag="530"><subfield code="a">Available on microfilm from BMI Library Microfilms, Palo Alto, Calif.; State Historical Society of Wisconsin; Stanford University Libraries; and M &amp; S Microfilm Service, Milwaukee, Wis.</subfield></datafield><datafield ind1=" " ind2=" " tag="546"><subfield code="a">Articles in English and Spanish.</subfield></datafield><datafield ind1=" " ind2=" " tag="588"><subfield code="a">Description based on: Vol. 1, [no. 1] (Oct. 1969); title from cover.</subfield></datafield><datafield ind1=" " ind2=" " tag="588"><subfield code="a">Latest issue consulted: Vol. 5, no. 6 (June-July 1975).</subfield></datafield><datafield ind1=" " ind2="0" tag="650"><subfield code="a">Mexican Americans</subfield><subfield code="v">Newspapers.</subfield></datafield><datafield ind1=" " ind2="0" tag="650"><subfield code="a">Mexican Americans</subfield><subfield code="z">Wisconsin</subfield><subfield code="z">Milwaukee</subfield><subfield code="v">Newspapers.</subfield></datafield><datafield ind1=" " ind2="0" tag="650"><subfield code="a">Hispanic Americans</subfield><subfield code="z">Wisconsin</subfield><subfield code="z">Milwaukee</subfield><subfield code="v">Newspapers.</subfield></datafield><datafield ind1=" " ind2="0" tag="651"><subfield code="a">Milwaukee (Wis.)</subfield><subfield code="v">Newspapers.</subfield></datafield><datafield ind1=" " ind2="7" tag="650"><subfield code="a">Hispanic Americans.</subfield><subfield code="2">fast</subfield><subfield code="0">(OCoLC)fst00957523</subfield></datafield><datafield ind1=" " ind2="7" tag="650"><subfield code="a">Mexican Americans.</subfield><subfield code="2">fast</subfield><subfield code="0">(OCoLC)fst01019072</subfield></datafield><datafield ind1=" " ind2="7" tag="651"><subfield code="a">Wisconsin</subfield><subfield code="z">Milwaukee.</subfield><subfield code="2">fast</subfield><subfield code="0">(OCoLC)fst01206626</subfield></datafield><datafield ind1=" " ind2="7" tag="655"><subfield code="a">Newspapers.</subfield><subfield code="2">fast</subfield><subfield code="0">(OCoLC)fst01423814</subfield></datafield><datafield ind1=" " ind2=" " tag="752"><subfield code="a">United States</subfield><subfield code="b">Wisconsin</subfield><subfield code="c">Milwaukee</subfield><subfield code="d">Milwaukee.</subfield></datafield><datafield ind1="0" ind2="8" tag="776"><subfield code="i">Microfiche version:</subfield><subfield code="t">Guardia</subfield><subfield code="w">(DLC)sn 91028533</subfield><subfield code="w">(OCoLC)24516934</subfield></datafield><datafield ind1="0" ind2="0" tag="785"><subfield code="t">Nueva guardia</subfield><subfield code="w">(DLC)sc 86008006</subfield><subfield code="w">(OCoLC)10249543</subfield></datafield><datafield ind1=" " ind2=" " tag="850"><subfield code="a">AzU</subfield><subfield code="a">KU-S</subfield><subfield code="a">WU</subfield></datafield><datafield ind1="1" ind2=" " tag="029"><subfield code="a">AU@</subfield><subfield code="b">000025896208</subfield></datafield></record>